%%% paper that presents SODA toolchain and Bambu, used for this Master Thesis
@ARTICLE{9786533,
    author = {Agostini, Nicolas Bohm and Curzel, Serena and Zhang, Jeff Jun and Limaye, Ankur and Tan, Cheng and Amatya, Vinay and Minutoli, Marco and Castellana, Vito Giovanni and Manzano, Joseph and Brooks, David and Wei, Gu-Yeon and Tumeo, Antonino},
    journal = {IEEE Micro},
    title = {Bridging Python to Silicon: The SODA Toolchain},
    year = {2022},
    volume = {42},
    number = {5},
    pages = {78-88},
    doi = {10.1109/MM.2022.3178580}
}

%%% paper that introduced Graph Convolutional Network (GCN)
@article{DBLP:journals/corr/KipfW16,
    author = {Thomas N. Kipf and
 Max Welling},
    title = {Semi-Supervised Classification with Graph Convolutional Networks},
    journal = {CoRR},
    volume = {abs/1609.02907},
    year = {2016},
    url = {http://arxiv.org/abs/1609.02907},
    eprinttype = {arXiv},
    eprint = {1609.02907},
    timestamp = {Mon, 13 Aug 2018 16:48:31 +0200},
    biburl = {https://dblp.org/rec/journals/corr/KipfW16.bib},
    bibsource = {dblp computer science bibliography, https://dblp.org}
}

%%% paper that introduced PyTorch library
@article{DBLP:journals/corr/abs-1912-01703,
  author       = {Adam Paszke and
                  Sam Gross and
                  Francisco Massa and
                  Adam Lerer and
                  James Bradbury and
                  Gregory Chanan and
                  Trevor Killeen and
                  Zeming Lin and
                  Natalia Gimelshein and
                  Luca Antiga and
                  Alban Desmaison and
                  Andreas K{\"{o}}pf and
                  Edward Z. Yang and
                  Zach DeVito and
                  Martin Raison and
                  Alykhan Tejani and
                  Sasank Chilamkurthy and
                  Benoit Steiner and
                  Lu Fang and
                  Junjie Bai and
                  Soumith Chintala},
  title        = {PyTorch: An Imperative Style, High-Performance Deep Learning Library},
  journal      = {CoRR},
  volume       = {abs/1912.01703},
  year         = {2019},
  url          = {http://arxiv.org/abs/1912.01703},
  eprinttype    = {arXiv},
  eprint       = {1912.01703},
  timestamp    = {Tue, 02 Nov 2021 15:18:32 +0100},
  biburl       = {https://dblp.org/rec/journals/corr/abs-1912-01703.bib},
  bibsource    = {dblp computer science bibliography, https://dblp.org}
}

%%% paper that introduced Bambu
@INPROCEEDINGS{9586110,
  author={Ferrandi, Fabrizio and Castellana, Vito Giovanni and Curzel, Serena and Fezzardi, Pietro and Fiorito, Michele and Lattuada, Marco and Minutoli, Marco and Pilato, Christian and Tumeo, Antonino},
  booktitle={2021 58th ACM/IEEE Design Automation Conference (DAC)},
  title={Invited: Bambu: an Open-Source Research Framework for the High-Level Synthesis of Complex Applications},
  year={2021},
  volume={},
  number={},
  pages={1327-1330},
  doi={10.1109/DAC18074.2021.9586110}
}

%%% reference to torch-mlir GitHub page
@online{torch_mlir,
    author = {Torch-MLIR team, nod.ai team and other contributors},
    title = {Torch-MLIR: MLIR based compiler toolkit for PyTorch programs},
    year = {2021},
    date = {06-July-2023},
    url = {https://github.com/llvm/torch-mlir},
}